@book{myers1990classical,
  title={Classical and modern regression with applications},
  author={Myers, Raymond H},
  volume={2},
  year={1990},
  publisher={Duxbury Press Belmont, CA}
}

@book{searle2012linear,
  title={Linear models},
  author={Searle, Shayle R},
  year={2012},
  publisher={Wiley}
}

@book{pinheiro2006mixed,
  title={Mixed-effects models in S and S-PLUS},
  author={Pinheiro, Jose and Bates, Douglas},
  year={2006},
  publisher={Springer Science \& Business Media}
}

@article{mcculloch2001linear,
  title={Linear Mixed Models (LMMs)},
  author={McCulloch, Charles E and Searle, Shayle R},
  journal={Generalized, linear, and mixed models},
  pages={156--186},
  year={2001},
  publisher={Wiley Online Library}
}

@book{verbeke2009linear,
  title={Linear mixed models for longitudinal data},
  author={Verbeke, Geert and Molenberghs, Geert},
  year={2009},
  publisher={Springer Science \& Business Media}
}

@article{neyman1948consistent,
  title={Consistent estimates based on partially consistent observations},
  author={Neyman, Jerzy and Scott, Elizabeth L},
  journal={Econometrica: Journal of the Econometric Society},
  pages={1--32},
  year={1948},
  publisher={JSTOR}
}

@article{dempster1977maximum,
  title={Maximum likelihood from incomplete data via the EM algorithm},
  author={Dempster, Arthur P and Laird, Nan M and Rubin, Donald B},
  journal={Journal of the royal statistical society. Series B (methodological)},
  pages={1--38},
  year={1977},
  publisher={JSTOR}
}

@book{efron1977stein,
  title={Stein's paradox in statistics},
  author={Efron, Bradley and Morris, Carl N},
  year={1977},
  publisher={WH Freeman}
}